@unpublished{iosup-epema-systems-writing-wip,
  author = {Alexandru Iosup and Dick Epema},
  title = {How to Design and Write Research Papers on Large-Scale Computing Systems in the {21st} Century},
  note = {Work in progress paper.},
  year = {2023}
}





@misc{greenlab,
  Title                    = {{Green Lab: empirical software engineering for energy efficiency}},
  Author                   = {Ivano Malavolta},
  Year                     = {2020}
}

@book{wohlin12,
  Title                    = {{Experimentation in Software Engineering - An Introduction}},
  Author                   = {Wohlin, C. and Runeson, P. and {H\"ost}, M. and Ohlsson, M.C. and Regnell, B. and {Wessl\'en}, A.},
  Publisher                = {Kluwer Academic Publishers},
  Year                     = {2012},
  Date-added               = {2013-12-18 08:15:41 +0000},
  Date-modified            = {2013-12-18 08:19:35 +0000},
  Keywords                 = {empirical software engineering}
}

@book{DBLP:books/sp/WohlinRHORW24,
  author       = {Claes Wohlin and
                  Per Runeson and
                  Martin H{\"{o}}st and
                  Magnus C. Ohlsson and
                  Bj{\"{o}}rn Regnell and
                  Anders Wessl{\'{e}}n},
  title        = {Experimentation in Software Engineering, Second Edition},
  publisher    = {Springer},
  year         = {2024},
  url          = {https://doi.org/10.1007/978-3-662-69306-3},
  doi          = {10.1007/978-3-662-69306-3},
  isbn         = {978-3-662-69305-6},
  timestamp    = {Fri, 04 Jul 2025 22:16:39 +0200},
  biburl       = {https://dblp.org/rec/books/sp/WohlinRHORW24.bib},
  bibsource    = {dblp computer science bibliography, https://dblp.org}
}